@article{kingma2013auto,
  title={Auto-encoding variational bayes},
  author={Kingma, Diederik P and Welling, Max},
  journal={arXiv preprint arXiv:1312.6114},
  year={2013}
}

@article{blei2012probabilistic,
  title={Probabilistic topic models},
  author={Blei, David M},
  journal={Communications of the ACM},
  volume={55},
  number={4},
  pages={77--84},
  year={2012},
  publisher={ACM New York, NY, USA}
}

@inproceedings{chang2009reading,
  title={Reading tea leaves: How humans interpret topic models},
  author={Chang, Jonathan and Gerrish, Sean and Wang, Chong and Boyd-Graber, Jordan L and Blei, David M},
  booktitle={Advances in neural information processing systems},
  pages={288--296},
  year={2009}
}

@inproceedings{miao2017discovering,
  title={Discovering discrete latent topics with neural variational inference},
  author={Miao, Yishu and Grefenstette, Edward and Blunsom, Phil},
  booktitle={Proceedings of the 34th International Conference on Machine Learning-Volume 70},
  pages={2410--2419},
  year={2017},
  organization={JMLR. org}
}

@article{srivastava2017autoencoding,
  title={Autoencoding variational inference for topic models},
  author={Srivastava, Akash and Sutton, Charles},
  journal={arXiv preprint arXiv:1703.01488},
  year={2017}
}

@article{burkhardt2019decoupling,
  title={Decoupling sparsity and smoothness in the dirichlet variational autoencoder topic model},
  author={Burkhardt, Sophie and Kramer, Stefan},
  journal={Journal of Machine Learning Research},
  volume={20},
  number={131},
  pages={1--27},
  year={2019}
}

@article{antelmi2019sparse,
  title={Sparse Multi-Channel Variational Autoencoder for the Joint Analysis of Heterogeneous Data},
  author={Antelmi, Luigi and Ayache, Nicholas and Robert, Philippe and Lorenzi, Marco},
  year={2019}
}

@article{dai2018connections,
  title={Connections with robust PCA and the role of emergent sparsity in variational autoencoder models},
  author={Dai, Bin and Wang, Yu and Aston, John and Hua, Gang and Wipf, David},
  journal={The Journal of Machine Learning Research},
  volume={19},
  number={1},
  pages={1573--1614},
  year={2018},
  publisher={JMLR. org}
}

@article{zhao2019variational,
  title={Variational Autoencoders for Sparse and Overdispersed Discrete Data},
  author={Zhao, He and Rai, Piyush and Du, Lan and Buntine, Wray and Zhou, Mingyuan},
  journal={arXiv preprint arXiv:1905.00616},
  year={2019}
}

@article{hoffman2013stochastic,
  title={Stochastic variational inference},
  author={Hoffman, Matthew D and Blei, David M and Wang, Chong and Paisley, John},
  journal={The Journal of Machine Learning Research},
  volume={14},
  number={1},
  pages={1303--1347},
  year={2013},
  publisher={JMLR. org}
}

@incollection{lang1995newsweeder,
  title={Newsweeder: Learning to filter netnews},
  author={Lang, Ken},
  booktitle={Machine Learning Proceedings 1995},
  pages={331--339},
  year={1995},
  publisher={Elsevier}
}

@article{van2008visualizing,
  title={Visualizing data using t-SNE. journal of Machine Learning Research 9},
  author={van der Maaten, Laurens and Hinton, Geoffrey},
  journal={Nov (2008)},
  year={2008}
}

@article{maaten2008visualizing,
  title={Visualizing data using t-SNE},
  author={Maaten, Laurens van der and Hinton, Geoffrey},
  journal={Journal of machine learning research},
  volume={9},
  number={Nov},
  pages={2579--2605},
  year={2008}
}

@inproceedings{Chang:Boyd-Graber:Wang:Gerrish:Blei-2009,
Title = {Reading Tea Leaves: How Humans Interpret Topic Models},
Author = {Jonathan Chang and Jordan Boyd-Graber and Chong Wang and Sean Gerrish and David M. Blei}, Booktitle = {Neural Information Processing Systems},
Year = {2009},
Location = {Vancouver, BC},
Url = {http://umiacs.umd.edu/~jbg//docs/nips2009-rtl.pdf}
}

@inproceedings{mimno2011optimizing,
  title={Optimizing semantic coherence in topic models},
  author={Mimno, David and Wallach, Hanna M and Talley, Edmund and Leenders, Miriam and McCallum, Andrew},
  booktitle={Proceedings of the conference on empirical methods in natural language processing},
  pages={262--272},
  year={2011},
  organization={Association for Computational Linguistics}
}

@inproceedings{hennig2012kernel,
  title={Kernel topic models},
  author={Hennig, Philipp and Stern, David and Herbrich, Ralf and Graepel, Thore},
  booktitle={Artificial Intelligence and Statistics},
  pages={511--519},
  year={2012}
}

@inproceedings{hinton2009replicated,
  title={Replicated softmax: an undirected topic model},
  author={Hinton, Geoffrey E and Salakhutdinov, Russ R},
  booktitle={Advances in neural information processing systems},
  pages={1607--1614},
  year={2009}
}

@article{scikit-learn,
 title={Scikit-learn: Machine Learning in {P}ython},
 author={Pedregosa, F. and Varoquaux, G. and Gramfort, A. and Michel, V.
         and Thirion, B. and Grisel, O. and Blondel, M. and Prettenhofer, P.
         and Weiss, R. and Dubourg, V. and Vanderplas, J. and Passos, A. and
         Cournapeau, D. and Brucher, M. and Perrot, M. and Duchesnay, E.},
 journal={Journal of Machine Learning Research},
 volume={12},
 pages={2825--2830},
 year={2011}
}

@inproceedings{sklearn_api,
  author    = {Lars Buitinck and Gilles Louppe and Mathieu Blondel and
               Fabian Pedregosa and Andreas Mueller and Olivier Grisel and
               Vlad Niculae and Peter Prettenhofer and Alexandre Gramfort
               and Jaques Grobler and Robert Layton and Jake VanderPlas and
               Arnaud Joly and Brian Holt and Ga{\"{e}}l Varoquaux},
  title     = {{API} design for machine learning software: experiences from the scikit-learn
               project},
  booktitle = {ECML PKDD Workshop: Languages for Data Mining and Machine Learning},
  year      = {2013},
  pages = {108--122},
}

@inproceedings{wallach2009rethinking,
  title={Rethinking LDA: Why priors matter},
  author={Wallach, Hanna M and Mimno, David M and McCallum, Andrew},
  booktitle={Advances in neural information processing systems},
  pages={1973--1981},
  year={2009}
}